<?xml version="1.0" encoding="UTF-8"?><collection xmlns="http://www.loc.gov/MARC21/slim"><record><leader>00442nam--2200157-i-4500</leader><controlfield tag="001">000018727</controlfield><controlfield tag="002">20161230</controlfield><controlfield tag="005">20170127203328</controlfield><controlfield tag="008">060222s1000------------r-----000-0-eng-d</controlfield><datafield ind1=" " ind2=" " tag="080"><subfield code="a">539.142.3</subfield></datafield><datafield ind1=" " ind2=" " tag="100"><subfield code="a">Do Dang, Giu</subfield></datafield><datafield ind1=" " ind2=" " tag="245"><subfield code="a">Theory of the anharmonicity in the vibrational motion of even-even spherical nuclei</subfield></datafield><datafield ind1=" " ind2=" " tag="260"><subfield code="a">Philadelphia</subfield><subfield code="b">Univ.Of Pennsylvania</subfield></datafield><datafield ind1=" " ind2=" " tag="300"><subfield code="a">6 p.+1 Fig</subfield></datafield><datafield ind1=" " ind2=" " tag="852"><subfield code="a">19844</subfield></datafield><datafield ind1=" " ind2=" " tag="CAT"><subfield code="a">SYS</subfield><subfield code="c">20170127</subfield><subfield code="h">203328</subfield></datafield></record></collection>